% Encoding: UTF-8

% Section: Model, Encoder

@misc{CloudComputing,
    title = {{Cloud Computing}},
    year = {2014},
    TypeofLit = {EB/OL}, 
    note = {\url{http://en.wikipedia.org/wiki/Cloud_computing}}
}

@misc{NTL,
    title = {NTL},
    title = {NTL: A library for doing number theory},
    year = {2014},
    TypeofLit = {EB/OL},
    note = {\url{http://www.shoup.net/ntl/}}
}

@misc{ConsistentHash,
    title = {Consistent hashing},
    year = {2014},
    TypeofLit = {EB/OL},
    note = {\url{http://en.wikipedia.org/wiki/Consistent_hashing}}
}

@misc{ref14,
  title = {S3 data corruptiong?},
  author = {Arash Ferdowsi},
  TypeofLit = {EB/OL}, 
  note = {\url{https://forums.aws.amazon.com/thread.jspa?threadID=22709}},
  year = {2008}
}

@misc{ref32,
  title = {Google fired employees for breaching user privacy},
  author = {Emil Protalinski},
  TypeofLit = {EB/OL}, 
  note = {\url{http://www.techspot.com/news/40280-google-%EF%AC%81red-employees-for-breaching-user-privacy.html}},
  year = {2010}
}

@misc{ref2,
  title={Trusted Computing Group (TCG)},
  year = {2014},
  TypeofLit = {EB/OL}, 
  note = {\url{http://www.trustedcomputinggroup.org/}}
}

@misc{DocumentManage,
    title = {{东方飞扬档案管理系统}},
    year = {2014},
  TypeofLit = {EB/OL}, 
    note = {\url{http://www.flyingsoft.cn/}}
}

@misc{CHash,
    title = {{Cryptographic Hash}},
    TypeofLit = {EB/OL}, 
    year = {2014},
    note = {\url{http://en.wikipedia.org/wiki/Cryptographic_hash_function}}
}

@misc{Indri,
  title = {{Indri}},
  year = {2014},
  TypeofLit = {EB/OL}, 
  note = {\url{http://www.lemurproject.org/indri/}}
}

@inproceedings{baric1997collision,
  title={Collision-free accumulators and fail-stop signature schemes without trees},
  author={Bari{\'c}, Niko and Pfitzmann, Birgit},
  booktitle={Advances in Cryptology—EUROCRYPT’97},
  pages={480--494},
  year={1997},
  publisher = {Springer},
  address = {Konstanz, Germany},
  organization={Springer}
}

@inproceedings{li2007universal,
  title={Universal accumulators with efficient nonmembership proofs},
  author={Li, Jiangtao and Li, Ninghui and Xue, Rui},
  booktitle={Applied Cryptography and Network Security},
  pages={253--269},
  year={2007},
  publisher = {Springer},
  address = {Zhuhai, China},
  organization={Springer}
}

@inproceedings{gennaro1999secure,
  title={Secure hash-and-sign signatures without the random oracle},
  author={Gennaro, Rosario and Halevi, Shai and Rabin, Tal},
  booktitle={Advances in Cryptology—EUROCRYPT’99},
  pages={123--139},
  year={1999},
  publisher = {Springer},
  address = {Prague, Czech Republic},
  organization={Springer}
}

@article{goodrich2002efficient,
  title={An Efficient Dynamic and Distributed Cryptographic Accumulator*},
  author={Goodrich, Michael T and Tamassia, Roberto and Hasi{\'c}, Jasminka},
  journal={Information Security},
  pages={372--388},
  year={2002},
  publisher={Springer Berlin Heidelberg}
}

@article{qin2010letor,
  title={LETOR: A benchmark collection for research on learning to rank for information retrieval},
  author={Qin, Tao and Liu, Tie-Yan and Xu, Jun and Li, Hang},
  journal={Information Retrieval},
  volume={13},
  number={4},
  pages={346--374},
  year={2010},
  publisher={Springer}
}

@inproceedings{papamanthou2008authenticated,
  title={Authenticated hash tables},
  author={Papamanthou, Charalampos and Tamassia, Roberto and Triandopoulos, Nikos},
  booktitle={Proceedings of the 15th ACM conference on Computer and communications security},
  pages={437--448},
  year={2008},
  publisher = {ACM},
  address = {Alexandria, VA, USA},
  organization={ACM}
}

@inproceedings{sion2005query,
  title={Query execution assurance for outsourced databases},
  author={Sion, Radu},
  booktitle={Proceedings of the 31st international conference on Very large data bases},
  pages={601--612},
  year={2005},
  publisher = {ACM},
  address = {Trondheim, Norway},
  organization={VLDB Endowment}
}

@incollection{golle2001uncheatable,
  title={Uncheatable distributed computations},
  author={Golle, Philippe and Mironov, Ilya},
  booktitle={Topics in Cryptology—CT-RSA 2001},
  pages={425--440},
  year={2001},
  address = {San Francisco, CA, USA},
  publisher={Springer}
}

@article{arora1998probabilistic,
  title={Probabilistic checking of proofs: A new characterization of NP},
  author={Arora, Sanjeev and Safra, Shmuel},
  journal={Journal of the ACM (JACM)},
  volume={45},
  number={1},
  pages={70--122},
  year={1998},
  publisher={ACM}
}

@inproceedings{babai1985trading,
  title={Trading group theory for randomness},
  author={Babai, L{\'a}szl{\'o}},
  booktitle={Proceedings of the seventeenth annual ACM symposium on Theory of computing},
  pages={421--429},
  year={1985},
  organization={ACM},
  publisher = {ACM},
  address = {New York, NY, USA}
}

@book{parno2011bootstrapping,
  title={Bootstrapping Trust in Modern Computers},
  author={Parno, Bryan and McCune, Jonathan M and Perrig, Adrian},
  volume={10},
  year={2011},
  publisher={Springer}
}

@article{blair1985evaluation,
  title={An evaluation of retrieval effectiveness for a full-text document-retrieval system},
  author={Blair, David C and Maron, ME},
  journal={Communications of the ACM},
  volume={28},
  number={3},
  pages={289--299},
  year={1985},
  publisher={ACM}
}

@inproceedings{voorhees1986efficiency,
  title={The efficiency of inverted index and cluster searches},
  author={Voorhees, Ellen M},
  booktitle={Proceedings of the 9th annual international ACM SIGIR conference on Research and development in information retrieval},
  pages={164--174},
  year={1986},
  organization={ACM},
  publisher = {ACM},
  address = {New York, NY, USA}
}

@article{bessani2013depsky,
  title={DepSky: dependable and secure storage in a cloud-of-clouds},
  author={Bessani, Alysson and Correia, Miguel and Quaresma, Bruno and Andr{\'e}, Fernando and Sousa, Paulo},
  journal={ACM Transactions on Storage (TOS)},
  volume={9},
  number={4},
  pages={12},
  year={2013},
  publisher={ACM}
}

@inproceedings{zerr2008zerber,
  title={Zerber: r-confidential indexing for distributed documents},
  author={Zerr, Sergej and Demidova, Elena and Olmedilla, Daniel and Nejdl, Wolfgang and Winslett, Marianne and Mitra, Soumyadeb},
  booktitle={Proceedings of the 11th international conference on Extending database technology: Advances in database technology},
  pages={287--298},
  year={2008},
  publisher = {ACM},
  address = {New York, NY, USA},
  organization={ACM}
}

@incollection{benabbas2011verifiable,
  title={Verifiable delegation of computation over large datasets},
  author={Benabbas, Siavosh and Gennaro, Rosario and Vahlis, Yevgeniy},
  booktitle={Advances in Cryptology--CRYPTO 2011},
  pages={111--131},
  year={2011},
  publisher={Springer}
}

@inproceedings{benaloh1994one,
  title={One-way accumulators: A decentralized alternative to digital signatures},
  author={Benaloh, Josh and De Mare, Michael},
  booktitle={Advances in Cryptology—EUROCRYPT’93},
  pages={274--285},
  year={1994},
  publisher = {Springer},
  address = {Secaucus, NJ, USA},
  organization={Springer}
}

@inproceedings{kamara2012dynamic,
  title={Dynamic searchable symmetric encryption},
  author={Kamara, Seny and Papamanthou, Charalampos and Roeder, Tom},
  booktitle={Proceedings of the 2012 ACM conference on Computer and communications security},
  pages={965--976},
  year={2012},
  publisher = {ACM},
  address = {Raleigh, NC, USA},
  organization={ACM}
}

@incollection{buatois2007concurrent,
  title={Concurrent number cruncher: An efficient sparse linear solver on the GPU},
  author={Buatois, Luc and Caumon, Guillaume and L{\'e}vy, Bruno},
  booktitle={High performance computing and communications},
  pages={358--371},
  year={2007},
  publisher={Springer}
}

@inproceedings{curtmola2006searchable,
  title={Searchable symmetric encryption: improved definitions and efficient constructions},
  author={Curtmola, Reza and Garay, Juan and Kamara, Seny and Ostrovsky, Rafail},
  booktitle={Proceedings of the 13th ACM conference on Computer and communications security},
  pages={79--88},
  year={2006},
  publisher = {ACM},
  address = {Alexandria, VA, USA},
  organization={ACM}
}

@incollection{papamanthou2011optimal,
  title={Optimal verification of operations on dynamic sets},
  author={Papamanthou, Charalampos and Tamassia, Roberto and Triandopoulos, Nikos},
  booktitle={Advances in Cryptology--CRYPTO 2011},
  pages={91--110},
  year={2011},
  address = {Santa Barbara, CA, USA},
  publisher={Springer}
}

@inproceedings{zhang2011cloudvisor,
  title={CloudVisor: retrofitting protection of virtual machines in multi-tenant cloud with nested virtualization},
  author={Zhang, Fengzhe and Chen, Jin and Chen, Haibo and Zang, Binyu},
  booktitle={Proceedings of the Twenty-Third ACM Symposium on Operating Systems Principles},
  pages={203--216},
  year={2011},
  organization={ACM},
  address = {Cascais, Portugal},
  publisher={ACM}
}

@inproceedings{rizvi2004extending,
  title={Extending query rewriting techniques for fine-grained access control},
  author={Rizvi, Shariq and Mendelzon, Alberto and Sudarshan, Sundararajarao and Roy, Prasan},
  booktitle={Proceedings of the 2004 ACM SIGMOD international conference on Management of data},
  pages={551--562},
  year={2004},
  organization={ACM},
  address = {Maison de la Chimie, Paris, France},
  publisher={ACM}
}

@article{mykletun2006authentication,
  title={Authentication and integrity in outsourced databases},
  author={Mykletun, Einar and Narasimha, Maithili and Tsudik, Gene},
  journal={ACM Transactions on Storage (TOS)},
  volume={2},
  number={2},
  pages={107--138},
  year={2006},
  address = {New York, NY, USA},
  publisher={ACM}
}

@inproceedings{merkle1980protocols,
  title={Protocols for public key cryptosystems},
  author={Merkle, Ralph C},
  booktitle={2012 IEEE Symposium on Security and Privacy},
  pages={122--122},
  year={1980},
  organization={IEEE Computer Society},
  publisher={IEEE}
}

@incollection{iyer2004framework,
  title={A framework for efficient storage security in RDBMS},
  author={Iyer, Bala and Mehrotra, Sharad and Mykletun, Einar and Tsudik, Gene and Wu, Yonghua},
  booktitle={Advances in Database Technology-EDBT 2004},
  pages={147--164},
  year={2004},
  publisher={Springer},
  address = {Heraklion, Crete, Greece}
}

@article{blum1994checking,
  title={Checking the correctness of memories},
  author={Blum, Manuel and Evans, Will and Gemmell, Peter and Kannan, Sampath and Naor, Moni},
  journal={Algorithmica},
  volume={12},
  number={2-3},
  pages={225--244},
  year={1994},
  publisher={Springer}
}

@inproceedings{braun2013verifying,
  title={Verifying computations with state},
  author={Braun, Benjamin and Feldman, Ariel J and Ren, Zuocheng and Setty, Srinath and Blumberg, Andrew J and Walfish, Michael},
  booktitle={Proceedings of the Twenty-Fourth ACM Symposium on Operating Systems Principles},
  pages={341--357},
  year={2013},
  organization={ACM},
  publisher={ACM},
  address = {Farmington, Pennsylvania, USA}
}

@inproceedings{canetti2011practical,
  title={Practical delegation of computation using multiple servers},
  author={Canetti, Ran and Riva, Ben and Rothblum, Guy N},
  booktitle={Proceedings of the 18th ACM conference on Computer and communications security},
  pages={445--454},
  year={2011},
  organization={ACM},
  publisher={ACM},
  address = {Chicago, IL, USA}
}

@article{cormode2011verifying,
  title={Verifying computations with streaming interactive proofs},
  author={Cormode, Graham and Thaler, Justin and Yi, Ke},
  journal={Proceedings of the VLDB Endowment},
  volume={5},
  number={1},
  pages={25--36},
  year={2011},
  publisher={VLDB Endowment}
}

@article{gentry2010computing,
  title={Computing arbitrary functions of encrypted data},
  author={Gentry, Craig},
  journal={Communications of the ACM},
  volume={53},
  number={3},
  pages={97--105},
  year={2010},
  publisher={ACM}
}
